{
  "leader": "02691cam a2200373Ii 4500",
  "fields": [
    {
      "001": "ocm00739234\\"
    },
    {
      "003": "OCoLC"
    },
    {
      "005": "20230104145507.0"
    },
    {
      "008": "731112s1956\\\\\\\\nyua\\\\\\\\\\b\\\\\\\\001\\0\\eng\\\\"
    },
    {
      "010": {
        "ind1": "\\",
        "ind2": "\\",
        "subfields": [
          {
            "a": "   56007667 "
          }
        ]
      }
    },
    {
      "040": {
        "ind1": "\\",
        "ind2": "\\",
        "subfields": [
          {
            "a": "DLC"
          },
          {
            "b": "eng"
          },
          {
            "c": "KEN"
          },
          {
            "d": "OCL"
          },
          {
            "d": "UKM"
          },
          {
            "d": "OCLCQ"
          },
          {
            "d": "MUQ"
          },
          {
            "d": "OCLCQ"
          },
          {
            "d": "STF"
          },
          {
            "d": "AU@"
          },
          {
            "d": "OCLCF"
          },
          {
            "d": "OCLCQ"
          },
          {
            "d": "MAC"
          },
          {
            "d": "CGAVW"
          },
          {
            "d": "ALMSI"
          },
          {
            "d": "OCLCQ"
          },
          {
            "d": "UKMGB"
          },
          {
            "d": "IL4J6"
          },
          {
            "d": "OCLCO"
          },
          {
            "d": "ZD0"
          },
          {
            "d": "OCLCO"
          }
        ]
      }
    },
    {
      "016": {
        "ind1": "7",
        "ind2": "\\",
        "subfields": [
          {
            "a": "009653565"
          },
          {
            "2": "Uk"
          }
        ]
      }
    },
    {
      "016": {
        "ind1": "7",
        "ind2": "\\",
        "subfields": [
          {
            "a": "003616704"
          },
          {
            "2": "Uk"
          }
        ]
      }
    },
    {
      "019": {
        "ind1": "\\",
        "ind2": "\\",
        "subfields": [
          {
            "a": "499849733"
          },
          {
            "a": "842966947"
          },
          {
            "a": "976463704"
          },
          {
            "a": "1048217079"
          },
          {
            "a": "1066883367"
          },
          {
            "a": "1079139544"
          },
          {
            "a": "1152656118"
          },
          {
            "a": "1229609343"
          },
          {
            "a": "1276490548"
          }
        ]
      }
    },
    {
      "035": {
        "ind1": "\\",
        "ind2": "\\",
        "subfields": [
          {
            "a": "(OCoLC)739234"
          },
          {
            "z": "(OCoLC)499849733"
          },
          {
            "z": "(OCoLC)842966947"
          },
          {
            "z": "(OCoLC)976463704"
          },
          {
            "z": "(OCoLC)1048217079"
          },
          {
            "z": "(OCoLC)1066883367"
          },
          {
            "z": "(OCoLC)1079139544"
          },
          {
            "z": "(OCoLC)1152656118"
          },
          {
            "z": "(OCoLC)1229609343"
          },
          {
            "z": "(OCoLC)1276490548"
          }
        ]
      }
    },
    {
      "043": {
        "ind1": "\\",
        "ind2": "\\",
        "subfields": [
          {
            "a": "cl-----"
          }
        ]
      }
    },
    {
      "050": {
        "ind1": "\\",
        "ind2": "4",
        "subfields": [
          {
            "a": "F1408"
          },
          {
            "b": "T46 1956"
          }
        ]
      }
    },
    {
      "082": {
        "ind1": "0",
        "ind2": "4",
        "subfields": [
          {
            "a": "980"
          },
          {
            "b": "THO"
          }
        ]
      }
    },
    {
      "100": {
        "ind1": "1",
        "ind2": "\\",
        "subfields": [
          {
            "a": "Thomas, Alfred Barnaby."
          }
        ]
      }
    },
    {
      "245": {
        "ind1": "1",
        "ind2": "0",
        "subfields": [
          {
            "a": "Latin America :"
          },
          {
            "b": "a history /"
          },
          {
            "c": "by Aldred Barnaby Thomas."
          }
        ]
      }
    },
    {
      "260": {
        "ind1": "\\",
        "ind2": "\\",
        "subfields": [
          {
            "a": "New York :"
          },
          {
            "b": "Macmillan,"
          },
          {
            "c": "[1956]"
          }
        ]
      }
    },
    {
      "300": {
        "ind1": "\\",
        "ind2": "\\",
        "subfields": [
          {
            "a": "801 pages :"
          },
          {
            "b": "illustrations ;"
          },
          {
            "c": "25 cm"
          }
        ]
      }
    },
    {
      "336": {
        "ind1": "\\",
        "ind2": "\\",
        "subfields": [
          {
            "a": "text"
          },
          {
            "b": "txt"
          },
          {
            "2": "rdacontent"
          }
        ]
      }
    },
    {
      "337": {
        "ind1": "\\",
        "ind2": "\\",
        "subfields": [
          {
            "a": "unmediated"
          },
          {
            "b": "n"
          },
          {
            "2": "rdamedia"
          }
        ]
      }
    },
    {
      "338": {
        "ind1": "\\",
        "ind2": "\\",
        "subfields": [
          {
            "a": "volume"
          },
          {
            "b": "nc"
          },
          {
            "2": "rdacarrier"
          }
        ]
      }
    },
    {
      "504": {
        "ind1": "\\",
        "ind2": "\\",
        "subfields": [
          {
            "a": "Includes bibliographical references and index."
          }
        ]
      }
    },
    {
      "505": {
        "ind1": "0",
        "ind2": "\\",
        "subfields": [
          {
            "a": "Colonial Latin America: The Indian Cultures of Latin America -- The European Background and the Discovery of America -- Colonization: The Caribbean and North America, 1493-1610 -- The Conquest and Colonization of South America, 1520-1580 -- The Political and Economic Organization of the Spanish Colonies -- Social Organization and Colonial Culture -- Spanish Expansion and International Rivalry in North America, 1600-1763 -- The Spanish Empire in South America, 1600-1763 -- The Spanish Empire: Reorganization, Expansion, and Decline, 1763-1808 -- Colonial Brazil: 1580-1808 -- Colonial Brazil: Economic and Social Life, 1580-1808 -- The Wars for Independence: The Wars for Independence: Northern South America == The Wars for Independence: Southern South America and Brazil -- The Wars for Independence: Spanish North America -- Modern Latin America: The Atlantic Republics: Argentina. Uruguay. Paraguay. Brazil -- The Pacific Republics: Chile. Bolivia. Peru. Ecuador -- The Caribbean Republics: Colombia. Venezuela. Cuba. Haiti and the Dominican Republic -- Central America, Panama, and Mexico Iner-American Affairs."
          }
        ]
      }
    },
    {
      "651": {
        "ind1": "\\",
        "ind2": "0",
        "subfields": [
          {
            "a": "Latin America"
          },
          {
            "x": "History."
          }
        ]
      }
    },
    {
      "651": {
        "ind1": "\\",
        "ind2": "7",
        "subfields": [
          {
            "a": "Latin America."
          },
          {
            "2": "fast"
          },
          {
            "0": "(OCoLC)fst01245945"
          }
        ]
      }
    },
    {
      "655": {
        "ind1": "\\",
        "ind2": "7",
        "subfields": [
          {
            "a": "History."
          },
          {
            "2": "fast"
          },
          {
            "0": "(OCoLC)fst01411628"
          }
        ]
      }
    },
    {
      "776": {
        "ind1": "0",
        "ind2": "8",
        "subfields": [
          {
            "i": "Online version:"
          },
          {
            "a": "Thomas, Alfred Barnaby."
          },
          {
            "t": "Latin America."
          },
          {
            "d": "New York, Macmillan [1956]"
          },
          {
            "w": "(OCoLC)591971129"
          }
        ]
      }
    },
    {
      "994": {
        "ind1": "\\",
        "ind2": "\\",
        "subfields": [
          {
            "a": "Z0"
          },
          {
            "b": "NYRVC"
          }
        ]
      }
    },
    {
      "948": {
        "ind1": "\\",
        "ind2": "\\",
        "subfields": [
          {
            "h": "NO HOLDINGS IN NYRVC - 494 OTHER HOLDINGS"
          }
        ]
      }
    },
    {
      "999": {
        "ind1": "\\",
        "ind2": "\\",
        "subfields": [
          {
            "a": "00000000017792"
          }
        ]
      }
    }
  ]
}